<record><leader>00000cas a2200000   4500</leader><controlfield tag="001">5350118</controlfield><controlfield tag="008">790907c197u9999miuwr ne      0   a0eng d</controlfield><controlfield tag="009">467</controlfield><datafield ind1=" " ind2=" " tag="010"><subfield code="a">sn 79005208 </subfield></datafield><datafield ind1=" " ind2=" " tag="040"><subfield code="a">NSD</subfield><subfield code="b">eng</subfield><subfield code="c">NSD</subfield><subfield code="d">OCL</subfield><subfield code="d">OCLCQ</subfield></datafield><datafield ind1=" " ind2=" " tag="012"><subfield code="k">1</subfield><subfield code="m">c</subfield></datafield><datafield ind1="1" ind2=" " tag="022"><subfield code="a">0194-2441</subfield><subfield code="l">0194-2441</subfield><subfield code="2">1</subfield></datafield><datafield ind1=" " ind2=" " tag="032"><subfield code="a">386750</subfield><subfield code="b">USPS</subfield></datafield><datafield ind1=" " ind2=" " tag="042"><subfield code="a">nsdp</subfield></datafield><datafield ind1=" " ind2="4" tag="222"><subfield code="a">The Reminder. Zone two. Clarkston, Springfield and Independence townships</subfield></datafield><datafield ind1="0" ind2="4" tag="245"><subfield code="a">The Reminder.</subfield></datafield><datafield ind1=" " ind2=" " tag="250"><subfield code="a">Zone two. Clarkston, Springfield and Independence townships.</subfield></datafield><datafield ind1=" " ind2=" " tag="260"><subfield code="a">[Ortonville, Mich.,</subfield><subfield code="b">The Reminder, inc.]</subfield></datafield><datafield ind1="0" ind2=" " tag="775"><subfield code="t">Reminder. Zone one. Brandon, Groveland, Atlas and Hadley townships</subfield><subfield code="x">0194-245X</subfield></datafield><datafield ind1=" " ind2=" " tag="936"><subfield code="a">Apr. 12, 1979</subfield></datafield></record>